@inproceedings{pricemyroute11,
 author = {Rajkumar, Sreejith and Ramanathan, Parameswaran},
 title = {{PriceMyRoute}: A Competitive Pricing Strategy for Internet Connectivity Service Providers},
 booktitle = {Proceedings of the Nineteenth International Workshop on Quality of Service},
 series = {IWQoS~'11},
 year = {2011},
 location = {San Jose, California},
 pages = {24:1--24:3},
 articleno = {24},
 numpages = {3},
 url = {http://dl.acm.org/citation.cfm?id=1996039.1996066},
 acmid = {1996066},
 publisher = {IEEE Press},
 address = {Piscataway, NJ, USA},
} 

@inproceedings {routebazaar15,
author = {Ignacio Castro and Aurojit Panda and Barath Raghavan and Scott Shenker and Sergey Gorinsky},
title = {{Route Bazaar}: Automatic Interdomain Contract Negotiation},
booktitle = {15th Workshop on Hot Topics in Operating Systems (HotOS XV)},
year = {2015},
month = May,
address = {Kartause Ittingen, Switzerland},
url = {https://www.usenix.org/conference/hotos15/workshop-program/presentation/castro},
publisher = {USENIX Association},
}

@article{pathlet09,
 author = {Godfrey, P. Brighten and Ganichev, Igor and Shenker, Scott and Stoica, Ion},
 title = {Pathlet Routing},
 journal = {SIGCOMM Comput. Commun. Rev.},
 issue_date = {October 2009},
 volume = {39},
 number = {4},
 month = aug,
 year = {2009},
 issn = {0146-4833},
 pages = {111--122},
 numpages = {12},
 url = {http://doi.acm.org/10.1145/1594977.1592583},
 doi = {10.1145/1594977.1592583},
 acmid = {1592583},
 publisher = {ACM},
 address = {New York, NY, USA},
 keywords = {forwarding table, multipath, pathlet, routing, scaling, source routing},
}

@techreport{rfc1633,
    author = {Braden, R. and Clark, D. and Shenker, S.},
    citeulike-article-id = {1491638},
    citeulike-linkout-0 = {\#},
    institution = {IETF},
    keywords = {bibtex-import},
    posted-at = {2007-07-26 09:18:37},
    priority = {2},
    title = {{RFC 1633 : Integrated Services in the Internet Architecture: an Overview}},
    url = {www.ietf.org/rfc/rfc1633.txt},
    year = {1994}
}
